<record xmlns="http://www.loc.gov/MARC21/slim" xmlns:xsi="http://www.w3.org/2001/XMLSchema-instance" xsi:schemaLocation="http://www.loc.gov/MARC21/slim http://www.loc.gov/standards/marcxml/schema/MARC21slim.xsd"><leader>     nam a22        4500</leader><controlfield tag="001">4432714</controlfield><controlfield tag="003">NIC</controlfield><controlfield tag="006">m        d        </controlfield><controlfield tag="007">cr cn |||m|||a</controlfield><controlfield tag="008">150316s1968    iq c    o     000 0carar </controlfield><datafield ind1=" " ind2=" " tag="040"><subfield code="a">NNU</subfield><subfield code="b">eng</subfield><subfield code="e">rda</subfield><subfield code="c">NNU</subfield></datafield><datafield ind1="0" ind2="4" tag="050"><subfield code="a">BP192.8</subfield><subfield code="b">.K37 1968 (Orien Arab)</subfield></datafield><datafield ind1=" " ind2="4" tag="050"><subfield code="a">BP192.8</subfield><subfield code="b">.K37 1968</subfield></datafield><datafield ind1="1" ind2=" " tag="100"><subfield code="6">880-01</subfield><subfield code="a">Ka&#772;z&#803;imi&#772;, Muh&#803;ammad Mahdi&#772;,</subfield><subfield code="d">1901 or 1902-</subfield></datafield><datafield ind1="1" ind2="0" tag="245"><subfield code="6">880-02</subfield><subfield code="a">Ah&#803;san al-wadi&#772;&#699;ah fi&#772; tara&#772;jim masha&#772;hi&#772;r mujtahidi&#772; al-Shi&#772;&#699;ah :</subfield><subfield code="b">Kita&#772;b yabh&#803;athu &#699;an a&#772;tha&#772;rihim wa-ma&#700;a&#772;thirihim wa- yabh&#803;athu &#699;an mara&#772;kiz al-&#699;ilm lil-Shi&#772;&#699;ah, aw tatmi&#772;m rawd&#803;a&#772;t al-janna&#772;t, muzawwada&#772;na bi-rusu&#772;m man &#699;atharna&#772; &#699;ala&#769; rasmih /</subfield><subfield code="c">ta&#700;li&#772;f Muh&#803;ammad Mahdi&#772; al-Mu&#772;sawi&#772; al-Is&#803;faha&#772;ni&#772; al-Ka&#772;z&#803;imi&#772;.</subfield></datafield><datafield ind1=" " ind2=" " tag="250"><subfield code="6">880-03</subfield><subfield code="a">al-t&#803;ab&#699;ah 2.</subfield></datafield><datafield ind1=" " ind2=" " tag="260"><subfield code="6">880-04</subfield><subfield code="a">al-Najaf :</subfield><subfield code="b">al-Mat&#803;ba&#699;ah al-H&#803;aydari&#772;yah :</subfield><subfield code="b">Distributor in Ira&#772;q, al-Muthanna library,</subfield><subfield code="c">1968.</subfield></datafield><datafield ind1=" " ind2=" " tag="300"><subfield code="a">online resource (2 volumes in 1 (24, 370 pages)) :</subfield><subfield code="b">portraits</subfield></datafield><datafield ind1=" " ind2=" " tag="336"><subfield code="a">text</subfield><subfield code="2">rdacontent</subfield></datafield><datafield ind1=" " ind2=" " tag="337"><subfield code="a">computer</subfield><subfield code="2">rdamedia</subfield></datafield><datafield ind1=" " ind2=" " tag="338"><subfield code="a">online resource</subfield><subfield code="2">rdacarrier</subfield></datafield><datafield ind1=" " ind2=" " tag="500"><subfield code="a">Cover title: Ahsan al-wadiah fee taragem mashahir mojtahedi al-Sheah, by Mohamed al-Mahdi al-Moosawi al-Kadhomi.</subfield></datafield><datafield ind1=" " ind2=" " tag="500"><subfield code="a">Part of the Arabic Collections Online (ACO) project, contributed by Cornell University Libraries.</subfield></datafield><datafield ind1=" " ind2=" " tag="533"><subfield code="a">Electronic reproduction.</subfield><subfield code="b">New York, N.Y. :</subfield><subfield code="c">New York University,</subfield><subfield code="d">2015.</subfield><subfield code="5">NNU</subfield></datafield><datafield ind1=" " ind2="0" tag="650"><subfield code="a">Shiites</subfield><subfield code="v">Biography.</subfield></datafield><datafield ind1=" " ind2="7" tag="650"><subfield code="a">Shiites.</subfield><subfield code="2">fast</subfield><subfield code="0">(OCoLC)fst01115976</subfield></datafield><datafield ind1=" " ind2="7" tag="655"><subfield code="a">Biography.</subfield><subfield code="2">fast</subfield><subfield code="0">(OCoLC)fst01423686</subfield></datafield><datafield ind1="2" ind2=" " tag="710"><subfield code="a">Cornell University.</subfield><subfield code="b">Libraries.</subfield></datafield><datafield ind1="0" ind2=" " tag="730"><subfield code="a">Arabic Collections Online.</subfield></datafield><datafield ind1="0" ind2="8" tag="776"><subfield code="i">Online version:</subfield><subfield code="a">al-Ka&#772;z&#803;imi&#772;, Muh&#803;ammad Mahdi&#772;, 1901-</subfield><subfield code="t">Ah&#803;san al-wadi&#772;&#699;ah fi&#772; tara&#772;jim masha&#772;hi&#772;r mujtahidi&#772; al-Shi&#772;&#699;ah.</subfield><subfield code="b">al-t&#803;ab&#699;ah 2.</subfield><subfield code="d">al-Najaf, al-Mat&#803;b&#699;ah al-H&#803;aydari&#772;yah, Distributor in Ira&#772;q, al-Muthanna&#772; library, 1968</subfield><subfield code="w">(OCoLC)644587416</subfield></datafield><datafield ind1="0" ind2="8" tag="776"><subfield code="i">Print version:</subfield><subfield code="a">Ka&#772;z&#803;imi&#772;, Muh&#803;ammad Mahdi&#772;, 1901 or 1902-</subfield><subfield code="t">Ah&#803;san al-wadi&#772;&#699;ah fi&#772; tara&#772;jim masha&#772;hi&#772;r mujtahidi&#772; al-Shi&#772;&#699;ah</subfield><subfield code="w">(NIC)4432714</subfield><subfield code="w">(DLC)   77251781 </subfield><subfield code="w">(OCoLC)8006162</subfield></datafield><datafield ind1="4" ind2="0" tag="856"><subfield code="u">http://hdl.handle.net/2333.1/6q573qhm</subfield></datafield><datafield ind1="1" ind2=" " tag="880"><subfield code="6">100-01/r</subfield><subfield code="a">&#1603;&#1575;&#1592;&#1605;&#1610;&#1548; &#1605;&#1581;&#1605;&#1583; &#1605;&#1607;&#1583;&#1610;&#1548;.</subfield></datafield><datafield ind1="1" ind2="0" tag="880"><subfield code="6">245-02/r</subfield><subfield code="a">&#1575;&#1581;&#1587;&#1606; &#1575;&#1604;&#1608;&#1583;&#1610;&#1593;&#1577; &#1601;&#1610; &#1578;&#1585;&#1575;&#1580;&#1605; &#1605;&#1588;&#1575;&#1607;&#1610;&#1585; &#1605;&#1580;&#1578;&#1607;&#1583;&#1610; &#1575;&#1604;&#1588;&#1610;&#1593;&#1577;&#1548;</subfield><subfield code="b">&#1603;&#1578;&#1575;&#1576; &#1610;&#1576;&#1581;&#1579; &#1593;&#1606; &#1570;&#1579;&#1575;&#1585;&#1607;&#1605; &#1608;&#1605;&#1570;&#1579;&#1585;&#1607;&#1605; &#1608; &#1610;&#1576;&#1581;&#1579; &#1593;&#1606; &#1605;&#1585;&#1575;&#1603;&#1586; &#1575;&#1604;&#1593;&#1604;&#1605; &#1604;&#1604;&#1588;&#1610;&#1593;&#1577;&#1548; &#1575;&#1608; &#1578;&#1578;&#1605;&#1610;&#1605; &#1585;&#1608;&#1590;&#1575;&#1578; &#1575;&#1604;&#1580;&#1606;&#1575;&#1578;&#1548; &#1605;&#1586;&#1608;&#1583;&#1575; &#1576;&#1585;&#1587;&#1608;&#1605; &#1605;&#1606; &#1593;&#1579;&#1585;&#1606;&#1575; &#1593;&#1604;&#1609; &#1585;&#1587;&#1605;&#1607;</subfield><subfield code="c">&#1578;&#1571;&#1604;&#1610;&#1601; &#1605;&#1581;&#1605;&#1583; &#1605;&#1607;&#1583;&#1610; &#1575;&#1604;&#1605;&#1608;&#1587;&#1608;&#1610; &#1575;&#1604;&#1575;&#1589;&#1601;&#1607;&#1575;&#1606;&#1610; &#1575;&#1604;&#1603;&#1575;&#1592;&#1605;&#1610;.</subfield></datafield><datafield ind1=" " ind2=" " tag="880"><subfield code="6">250-03/r</subfield><subfield code="a">&#1575;&#1604;&#1591;&#1576;&#1593;&#1577; 2.</subfield></datafield><datafield ind1=" " ind2=" " tag="880"><subfield code="6">260-04/r</subfield><subfield code="a">&#1575;&#1604;&#1606;&#1580;&#1601; :</subfield><subfield code="b">&#1575;&#1604;&#1605;&#1591;&#1576;&#1593;&#1577; &#1575;&#1604;&#1581;&#1610;&#1583;&#1585;&#1610;&#1577; :</subfield><subfield code="b">Distributor in Ira&#772;q, al-Muthanna library,</subfield><subfield code="c">1968.</subfield></datafield><datafield ind1="1" ind2=" " tag="880"><subfield code="6">700-00/r</subfield><subfield code="a">&#1605;&#1581;&#1605;&#1583; &#1576;&#1575;&#1602;&#1585; &#1576;&#1606; &#1586;&#1610;&#1606; &#1575;&#1604;&#1593;&#1575;&#1576;&#1583;&#1610;&#1606;.</subfield><subfield code="t">&#1585;&#1608;&#1590;&#1575;&#1578; &#1575;&#1604;&#1580;&#1606;&#1575;&#1578;.</subfield></datafield><datafield ind1=" " ind2=" " tag="959"><subfield code="a">NNU</subfield><subfield code="b">WEB</subfield><subfield code="c">GENI</subfield><subfield code="t">0</subfield><subfield code="m">Electronic access</subfield><subfield code="s">01</subfield></datafield><datafield ind1=" " ind2=" " tag="999"><subfield code="i">NIC_4432714</subfield><subfield code="o">(OCoLC)ocm08006162 </subfield><subfield code="s">cornell_aco000310</subfield><subfield code="e">(ERROR-880)</subfield></datafield></record>